@article{Ronneberger_2015,
  author     = {Olaf Ronneberger and
                Philipp Fischer and
                Thomas Brox},
  title      = {U-Net: Convolutional Networks for Biomedical Image Segmentation},
  journal    = {CoRR},
  volume     = {abs/1505.04597},
  year       = {2015},
  url        = {http://arxiv.org/abs/1505.04597},
  eprinttype = {arXiv},
  eprint     = {1505.04597},
  timestamp  = {Mon, 13 Aug 2018 16:46:52 +0200},
  biburl     = {https://dblp.org/rec/journals/corr/RonnebergerFB15.bib},
  bibsource  = {dblp computer science bibliography, https://dblp.org}
}
@article{Huang_2016,
  author     = {Gao Huang and
                Zhuang Liu and
                Kilian Q. Weinberger},
  title      = {Densely Connected Convolutional Networks},
  journal    = {CoRR},
  volume     = {abs/1608.06993},
  year       = {2016},
  url        = {http://arxiv.org/abs/1608.06993},
  eprinttype = {arXiv},
  eprint     = {1608.06993},
  timestamp  = {Mon, 10 Sep 2018 15:49:32 +0200},
  biburl     = {https://dblp.org/rec/journals/corr/HuangLW16a.bib},
  bibsource  = {dblp computer science bibliography, https://dblp.org}
}
@article{Sevastopolsky_2018,
  author     = {Artem Sevastopolsky and
                Stepan Drapak and
                Konstantin Kiselev and
                Blake M. Snyder and
                Anastasia Georgievskaya},
  title      = {Stack-U-Net: Refinement Network for Image Segmentation on the Example
                of Optic Disc and Cup},
  journal    = {CoRR},
  volume     = {abs/1804.11294},
  year       = {2018},
  url        = {http://arxiv.org/abs/1804.11294},
  eprinttype = {arXiv},
  eprint     = {1804.11294},
  timestamp  = {Mon, 13 Aug 2018 16:48:27 +0200},
  biburl     = {https://dblp.org/rec/journals/corr/abs-1804-11294.bib},
  bibsource  = {dblp computer science bibliography, https://dblp.org}
}

@article{Garcia_2020,
  doi       = {10.3390/s20041214},
  url       = {https://doi.org/10.3390%2Fs20041214},
  year      = 2020,
  month     = {feb},
  publisher = {{MDPI} {AG}},
  volume    = {20},
  number    = {4},
  pages     = {1214},
  author    = {Mar{\'{\i}}a Teresa Garc{\'{\i}}a-Ord{\'{a}}s and Jos{\'{e}} Alberto Ben{\'{\i}}tez-Andrades and Isa{\'{\i}}as Garc{\'{\i}}a-Rodr{\'{\i}}guez and Carmen Benavides and H{\'{e}}ctor Alaiz-Moret{\'{o}}n},
  title     = {Detecting Respiratory Pathologies Using Convolutional Neural Networks and Variational Autoencoders for Unbalancing Data},
  journal   = {Sensors}
}