@inproceedings{Xiao_2018,
  author    = {Xiao, Xiao and Lian, Shen and Luo, Zhiming and Li, Shaozi},
  booktitle = {2018 9th International Conference on Information Technology in Medicine and Education (ITME)},
  title     = {Weighted Res-UNet for High-Quality Retina Vessel Segmentation},
  year      = {2018},
  volume    = {},
  number    = {},
  pages     = {327-331},
  doi       = {10.1109/ITME.2018.00080}
}
@article{Islam_2022,
  author  = {Islam, Mir Tanvir and Mashfu, Shafin T. and Faisal, Abrar and Siam, Sadman Chowdhury and Naheen, Intisar Tahmid and Khan, Riasat},
  journal = {IEEE Access},
  title   = {Deep Learning-Based Glaucoma Detection With Cropped Optic Cup and Disc and Blood Vessel Segmentation},
  year    = {2022},
  volume  = {10},
  number  = {},
  pages   = {2828-2841},
  doi     = {10.1109/ACCESS.2021.3139160}
}

@article{Sreng_2020,
  author         = {Sreng, Syna and Maneerat, Noppadol and Hamamoto, Kazuhiko and Win, Khin Yadanar},
  title          = {Deep Learning for Optic Disc Segmentation and Glaucoma Diagnosis on Retinal Images},
  journal        = {Applied Sciences},
  volume         = {10},
  year           = {2020},
  number         = {14},
  article-number = {4916},
  url            = {https://www.mdpi.com/2076-3417/10/14/4916},
  issn           = {2076-3417},
  doi            = {10.3390/app10144916}
}
@article{Abber_2022,
  pages   = {11-37},
  title   = {Retina Diseases Diagnosis Using Deep Learning},
  author  = {Abeer Abed ElKareem Fawzi Elsharif and Samy S. Abu{-}Naser},
  journal = {International Journal of Academic Engineering Research (IJAER)},
  number  = {2},
  year    = {2022},
  volume  = {6}
}
@article{Staal_2004,
  author  = {Staal, J. and Abramoff, M.D. and Niemeijer, M. and Viergever, M.A. and van Ginneken, B.},
  journal = {IEEE Transactions on Medical Imaging},
  title   = {Ridge-based vessel segmentation in color images of the retina},
  year    = {2004},
  volume  = {23},
  number  = {4},
  pages   = {501-509},
  doi     = {10.1109/TMI.2004.825627}
}


